@online{networkx,
	title		= {NetworkX},
	author	= {NetworkX developers},
	url		= {http://networkx.github.io},
	urldate	= {2017-07-28}
}

@online{gfa_spec,
	title		= {GFA},
	author	= {The GFA Format Specification Working Group},
	url		= {http://github.com/GFA-spec/GFA-spec},
	urldate	= {2017-07-28}
}

@online{wiki-python,
	title		= {Python (programming language)},
	author	= {Wikipedia contributors},
	url		= {https://en.wikipedia.org/w/index.php title=Python_(programming_language)&oldid=792718397},
	urldate	= {2017-07-31}
}

@online{python-graph,
	title		= {Python Patterns - Implementing Graphs},
	author	= {The Python Software Foundation},
	url		= {https://www.python.org/doc/essays/graphs/},
	urldate	= {2017-08-01}
}

@online{networkx-github,
	title		= {Networkx - master},
	author	= {NetworkX developers},
	url		= {https://github.com/networkx/networkx},
	urldate	= {2017-08-01}
}

@online{python-pep8,
	title		= {PEP 8 -- Style Guide for Python Code},
	author	= {The Python Software Foundation},
	url		= {https://www.python.org/dev/peps/pep-0008/},
	urldate	= {2017-08-02}
}

@online{pylint,
	title		= {Pylint},
	url		= {https://www.pylint.org/},
	urldate	= {2017-08-02}
}

@online{pycqa,
	title		= {Python Code Quality Authority},
	url		= {http://meta.pycqa.org/en/latest/introduction.html},
	urldate	= {2017-08-02}
}

@online{python-doc,
	title		= {Python Documentation},
	author	= {The Python Software Foundation},
	url		= {https://docs.python.org/3/},
	urldate	= {2017-08-02}
}

@online{git,
	title		= {git},
	url		= {https://git-scm.com/about},
	urldate	= {2017-08-02}
}

@article{doi:10.1093/bioinformatics/btv383,
author = {Wick, Ryan R. and Schultz, Mark B. and Zobel, Justin and Holt, Kathryn E.},
title = {Bandage: interactive visualization of de novo genome assemblies},
journal = {Bioinformatics},
volume = {31},
number = {20},
pages = {3350-3352},
year = {2015},
doi = {10.1093/bioinformatics/btv383},
URL = {+ http://dx.doi.org/10.1093/bioinformatics/btv383}
}

@article{marx_2013,
title={Next-generation sequencing: The genome jigsaw},
volume={501},
DOI={10.1038/501261a},
number={7466},
journal={Nature},
author={Marx, Vivien},
year={2013},
month={Nov},
pages={263â€“268}
} 

@online{wiki:acid-notation,
    author = {Wikipedia},
    title = {Nucleic acid notation --- Wikipedia{,} The Free Encyclopedia},
    year = {2017},
    url = {https://en.wikipedia.org/w/index.php?title=Nucleic_acid_notation&oldid=790638814},
    urldate = {2017-08-08}
}
  
@online{wiki:git,
    author = {Wikipedia},
    title = {Git --- Wikipedia{,} The Free Encyclopedia},
    year = {2017},
    url = {https://en.wikipedia.org/w/index.php?title=Git&oldid=796151355},
    urldate = {2017-08-21}
}